%% This BibTeX bibliography file was created using BibDesk.
%% https://bibdesk.sourceforge.io/

%% Created for Andrei Soprachev at 2021-10-07 02:41:51 +0300



@online{BibExampleRU,
  title   = {Пример RU},
  url     = {https://example.com},
  urldate = {2022-01-22},
  sortkey = 1,
  media   = {eresource}
}

@online{BibExampleEN,
  title   = {Biblio Example EN},
  url     = {https://example.com},
  urldate = {2022-01-22},
  sortkey = 2,
  media   = {eresource}
}

@book{PointCloudAnalysis,
  title =     {3D Point Cloud Analysis: Traditional, Deep Learning, and Explainable Machine Learning Methods},
  author =    {Shan Liu;Min Zhang;Pranav Kadam;C.-C. Jay Kuo(auth.)},
  publisher = {Springer},
  isbn =      {9783030891794; 3030891798; 9783030891800; 3030891801},
  year =      {2021},
  edition =   {1st ed},

}

@book{SurfaceReconstruction,
  title =     {3D Surface Reconstruction: Multi-Scale Hierarchical Approaches},
  author =    {Francesco Bellocchio},
  publisher = {Springer},
  isbn =      {9781461456315; 1461456312; 9781461456322; 1461456320},
  year =      {2013},
  edition =   {1},

}

@book{DataCompression,
  title =     {Data Compression: The Complete Reference},
  author =    {Professor David Salomon (auth.)},
  publisher = {Springer},
  isbn =      {9781846286025; 1846286026; 9781846286032; 1846286034},
  year =      {2007},

}

@inproceedings{Wu2020,
  series = {MMSys ’20},
  title = {PCC arena: a benchmark platform for point cloud compression algorithms},
  url = {http://dx.doi.org/10.1145/3386293.3397112},
  DOI = {10.1145/3386293.3397112},
  booktitle = {Proceedings of the 12th ACM International Workshop on Immersive Mixed and Virtual Environment Systems},
  publisher = {ACM},
  author = {Wu,  Cheng-Hao and Hsu,  Chih-Fan and Kuo,  Ting-Chun and Griwodz,  Carsten and Riegler,  Michael and Morin,  Géraldine and Hsu,  Cheng-Hsin},
  year = {2020},
  month = jun,
  collection = {MMSys ’20}
}

@techreport{CallForProposalV2,
  title       = "Call for Proposals for Point Cloud Compression V2",
  author      = "MPEG",
  institution = "ISO/IEC",
  address     = "Hobart, AU",
  number      = "MPEG2017/N16763",
  year        = 2017,
  month       = apr
}

@online{Draco,
  title   = {Draco},
  url     = {https://github.com/google/draco},
  urldate = {2024-05-08},
  sortkey = 2,
  media   = {eresource}
}

@InProceedings{Rusu_ICRA2011_PCL,
  author    = {Radu Bogdan Rusu and Steve Cousins},
  title     = {{3D is here: Point Cloud Library (PCL)}},
  booktitle = {{IEEE International Conference on Robotics and Automation (ICRA)}},
  month     = may,
  year      = {2011},
  address   = {Shanghai, China},
  publisher = {IEEE}
}

@online{TMC13,
  title   = {TMC13},
  url     = {https://github.com/MPEGGroup/mpeg-pcc-tmc13},
  urldate = {2024-05-08},
  sortkey = 2,
  media   = {eresource}
}

@inproceedings{Shao2017,
  title = {Attribute compression of 3D point clouds using Laplacian sparsity optimized graph transform},
  url = {http://dx.doi.org/10.1109/VCIP.2017.8305131},
  DOI = {10.1109/vcip.2017.8305131},
  booktitle = {2017 IEEE Visual Communications and Image Processing (VCIP)},
  publisher = {IEEE},
  author = {Shao,  Yiting and Zhang,  Zhaobin and Li,  Zhu and Fan,  Kui and Li,  Ge},
  year = {2017},
  month = dec
}

@inproceedings{Chen2020,
  title = {Point Cloud Attribute Compression via Successive Subspace Graph Transform},
  url = {http://dx.doi.org/10.1109/VCIP49819.2020.9301784},
  DOI = {10.1109/vcip49819.2020.9301784},
  booktitle = {2020 IEEE International Conference on Visual Communications and Image Processing (VCIP)},
  publisher = {IEEE},
  author = {Chen,  Yueru and Shao,  Yiting and Wang,  Jing and Li,  Ge and Jay Kuo,  C.-C.},
  year = {2020},
  month = dec
}

@article{Sun2023,
  title = {Cluster-based two-branch framework for point cloud attribute compression},
  ISSN = {1432-2315},
  url = {http://dx.doi.org/10.1007/s00371-023-03146-9},
  DOI = {10.1007/s00371-023-03146-9},
  journal = {The Visual Computer},
  publisher = {Springer Science and Business Media LLC},
  author = {Sun,  Longhua and Wang,  Jin and Zhu,  Qing and Liu,  Jiaying and Yu,  Jiawen},
  year = {2023},
  month = nov
}

@misc{PCGCv2,
  doi = {10.48550/ARXIV.2011.03799},
  url = {https://arxiv.org/abs/2011.03799},
  author = {Wang,  Jianqiang and Ding,  Dandan and Li,  Zhu and Ma,  Zhan},
  keywords = {Image and Video Processing (eess.IV),  Computer Vision and Pattern Recognition (cs.CV),  FOS: Electrical engineering,  electronic engineering,  information engineering,  FOS: Electrical engineering,  electronic engineering,  information engineering,  FOS: Computer and information sciences,  FOS: Computer and information sciences},
  title = {Multiscale Point Cloud Geometry Compression},
  publisher = {arXiv},
  year = {2020},
  copyright = {arXiv.org perpetual,  non-exclusive license}
}

@misc{quach2020improved,
  title={Improved Deep Point Cloud Geometry Compression},
  author={Maurice Quach and Giuseppe Valenzise and Frederic Dufaux},
  year={2020},
  eprint={2006.09043},
  archivePrefix={arXiv},
  primaryClass={cs.CV}
}

@article{HuynhThu2008,
  title = {Scope of validity of PSNR in image/video quality assessment},
  volume = {44},
  ISSN = {0013-5194},
  url = {http://dx.doi.org/10.1049/el:20080522},
  DOI = {10.1049/el:20080522},
  number = {13},
  journal = {Electronics Letters},
  publisher = {Institution of Engineering and Technology (IET)},
  author = {Huynh-Thu,  Q. and Ghanbari,  M.},
  year = {2008},
  pages = {800}
}

@online{NetflixVMAFMedium,
  title   = {Toward A Practical Perceptual Video Quality Metric},
  url     = {https://netflixtechblog.com/toward-a-practical-perceptual-video-quality-metric-653f208b9652},
  urldate = {2024-05-10},
  sortkey = 2,
  media   = {eresource}
}

@ARTICLE{SSIMArticle,
  author={Zhou Wang and Bovik, A.C. and Sheikh, H.R. and Simoncelli, E.P.},
  journal={IEEE Transactions on Image Processing},
  title={Image quality assessment: from error visibility to structural similarity},
  year={2004},
  volume={13},
  number={4},
  pages={600-612},
  keywords={Image quality;Humans;Transform coding;Visual system;Visual perception;Data mining;Layout;Quality assessment;Degradation;Indexes},
  doi={10.1109/TIP.2003.819861}
}

@BOOK{FullReferenceIQMetrics,
  author={Pedersen, Marius and Hardeberg, Jon Yngve},
  booktitle={Full-Reference Image Quality Metrics},
  year={2012},
  volume={},
  number={},
  pages={},
  keywords={Machine Perception;Computer Vision;Pattern Recognition;Image Analysis},
  doi={10.1561/0600000037}
}
